@MISC{WEBSITE:1,
    HOWPUBLISHED = "https://www.sparkfun.com/products/13322",
  title={SparkFun Soil Moisture Sensor},
  author={SparkFun},
  NOTE = "Accessed on 3-23-2019"
}

@MISC{WEBSITE:2,
    HOWPUBLISHED = "https://learn.adafruit.com/photocells/overview",
  title={Overview Photocells},
  author={Adafruit}, 
  Month = "July",
  Year = "2012",
  NOTE = "Accessed on 3-23-2019"
}

@MISC{WEBSITE:3,
    HOWPUBLISHED = "https://learn.adafruit.com/dht/overview",
  title={Overview DHT},
  author={Adafruit}, 
  Month = "November",
  Year = "2017",
  NOTE = "Accessed on 3-23-2019"
}

@MISC{WEBSITE:4,
    HOWPUBLISHED = "https://playground.arduino.cc/Interfacing/GoBetwino/",
  title={GoBetwino},
  author={Arduino}, 
  NOTE = "Accessed on 3-23-2019"
}